<?xml version="1.0" encoding="UTF-8"?><collection xmlns="http://www.loc.gov/MARC21/slim"><record><leader>00572nam--2200181-i-4500</leader><controlfield tag="001">000041980</controlfield><controlfield tag="002">20161230</controlfield><controlfield tag="005">20161230201043</controlfield><controlfield tag="008">060222s1000------------r-----000-0-eng-d</controlfield><datafield ind1=" " ind2=" " tag="040"><subfield code="a">IFIN-HH</subfield></datafield><datafield ind1=" " ind2=" " tag="080"><subfield code="a">530.184.2(083)</subfield></datafield><datafield ind1="1" ind2=" " tag="100"><subfield code="a">Wiese, W.L</subfield></datafield><datafield ind1="1" ind2="0" tag="245"><subfield code="a">Atomic transition propabilities. nsrds-nbs 4 vol.1: hydrogen through neon. a critical data compilation</subfield><subfield code="c">W.l. wiese, m.w. smith, b.m. glennon</subfield></datafield><datafield ind1=" " ind2=" " tag="260"><subfield code="a">Washington</subfield><subfield code="b">National Bureau Of Standards</subfield><subfield code="c">1966</subfield></datafield><datafield ind1=" " ind2=" " tag="300"><subfield code="a">XI+153 P</subfield></datafield><datafield ind1="1" ind2=" " tag="700"><subfield code="a">Glennon,B.M</subfield></datafield><datafield ind1=" " ind2=" " tag="852"><subfield code="a">27163</subfield><subfield code="c">53.081</subfield></datafield><datafield ind1=" " ind2=" " tag="CAT"><subfield code="a">Sys</subfield><subfield code="c">20160329</subfield><subfield code="h">135650</subfield></datafield></record></collection>